

@article{emctdr,
  author =        {panda Collaboration},
  note =          {\url{https://panda.gsi.de/publication/re-tdr-2008-001}},
  title =         {Technical Design Report for the PANDA Electromagnetic Calorimeter},
  year =          {2008},
}

@conference{konorov,
  author =        {Konorov, Igor and others},
  journal =       {IEEE Nuclear Science Symposium Conference Record (NSS/MIC) 2009},
  note =          {\url{https://doi.org/10.1109/NSSMIC.2009.5402172}},
  pages =         {1863 -- 1865},
  title =         { Time distribution system for the PANDA experiment},
  year =          {2009},
}

@inproceedings{kava,
  author=	{Kavatsyuk, M. and Hevinga, M. and Konorov, I. and Lemmens, P.J.J. and Marciniewski, P. and Schakel, P. and Schreuder, F. and Speelman, R. and Tambave, G. and Johansson, T. and Löhner, H.},
  booktitle=	{2011 IEEE Nuclear Science Symposium Conference Record}, 
  title=	{Trigger-less readout electronics for the PANDA Electromagnetic Calorimeter}, 
  year=		{2011},
  volume=	{},
  number=	{},
  pages=	{43-47},
  doi=	{10.1109/NSSMIC.2011.6154360},
  }

@article{Tambave_2012,
	doi = {10.1088/1748-0221/7/11/p11001},
	url = {https://doi.org/10.1088/1748-0221/7/11/p11001},
	year = 2012,
	month = {nov},
	publisher = {{IOP} Publishing},
	volume = {7},
	number = {11},
	pages = {P11001--P11001},
	author = {G Tambave and M Kavatsyuk and E Guliyev and F Schreuder and H Moeini and H Löhner},
	title = {Pulse pile-up recovery for the front-end electronics of the {PANDA} Electromagnetic Calorimeter},
	journal = {Journal of Instrumentation},
	} 

@article{Keshelashvili_2015,
	doi = {10.1088/1742-6596/587/1/012024},
	url = {https://doi.org/10.1088/1742-6596/587/1/012024},
	year = 2015,
	month = {feb},
	publisher = {{IOP} Publishing},
	volume = {587},
	pages = {012024},
	author = {I Keshelashvili and W Erni and F Müller and M Steinacher and B Krusche},
	title = {Development of Low-Noise / Low-Power Preamplifier for the Readout of Inorganic Scintillators and their Mass Production Test System},
	journal = {Journal of Physics: Conference Series}
	}
	
	@article{Marciniewski,
  title={A Trigger System based on fast sampling ADCs - implementation and tests},
  author={P. Marciniewski and P. Pluciński and K. Fransson and L. Heijkenskojld and A. Kupś{\'c} and J. Zlomanczuk and M. Wolke and H. Cal{\'e}n and T. Johansson and B. Hoistad and W. Erven and P. Wuestner and H. Kleines and V. Hejny and D. Coderre},
  journal={2011 IEEE Nuclear Science Symposium Conference Record},
  year={2011},
  pages={38-42},
}

@inproceedings{kava2,
  author={Kavatsyuk, M. and Bremer, D. and Drexler, P. and Eissner, T. and Hevinga, M. and Kuske, T. and Lemmens, P.J.J. and Moeini, H. and Nishizawa, T. and Schakel, P. and Schreuder, F. and Speelman, R. and Tambave, G. and Löhner, H.},

  booktitle={2012 IEEE Nuclear Science Symposium and Medical Imaging Conference Record (NSS/MIC)}, 

  title={Trigger-less readout of the PANDA electromagnetic calorimeter}, 

  year={2012},

  volume={},

  number={},

  pages={1796-1801},

  doi={10.1109/NSSMIC.2012.6551420},
  }    	  
@article{Wirthlin_2014,
	doi = {10.1088/1748-0221/9/01/c01025},
	url = {https://doi.org/10.1088/1748-0221/9/01/c01025},
	year = 2014,
	month = {jan},
	publisher = {{IOP} Publishing},
	volume = {9},
	number = {01},
	pages = {C01025--C01025},
	author = {M J Wirthlin and H Takai and A Harding},
	title = {Soft error rate estimations of the Kintex-7 {FPGA} within the {ATLAS} Liquid Argon ({LAr}) Calorimeter},
	journal = {Journal of Instrumentation},
	}	
@misc{tale,
      title        = {A Tale of Two Test Chips : 28nm Configuration RAM and Dual-Port RAM. In Silicon Errors in Logic - System Effects},
      author       = {A. Lesea},
      year         = {2012},
      month ={March},
      school ={University of Illinois},
      note         = {},
    }   
    @misc{kintex,
      title        = {Single Event Upset Characterization of the Kintex-7 Field Programmable Gate Array Using Proton Irradiation. In Radiation Effects Data Workshop (REDW)},
      author       = {D. M. Hiemstra, V. Kirischian},
      year         = {2014},
      month =	{July},
      address =	{Paris},
      note         = {},
    }
    
@article{Messchendorp:2010zz,
    author = "Messchendorp, Johan",
    editor = "Gruntorad, Jan and Lokajicek, Milos",
    collaboration = "PANDA",
    title = {Computing activities for the PANDA experiment at FAIR},
    doi = "10.1088/1742-6596/219/4/042016",
    journal = "J. Phys. Conf. Ser.",
    volume = "219",
    pages = "042016",
    year = "2010",
}


